@inproceedings{R1,

  title={Perfsuite: An accessible, open source performance analysis environment for linux},

  author={Kufrin, Rick},

  booktitle={6th International Conference on Linux Clusters: The HPC Revolution},

  volume={151},

  pages={05},

  year={2005},

  organization={Citeseer}

}
@Misc{R2,
 
howpublished = {\url{https://blog.csdn.net/xxxjrr/article/details/120210859}},
 
note = {2022.7.4},
 
title = {二分法求方程近似解},
 
author = {xxxjrr}
 
}

@article{R3,
  title={An Algorithm with Guaranteed Convergence for Finding a Zero of a Function},
  author={Richard and P. and Brent},
  journal={Comput. J.},
  volume={14},
  year={1971},
}